% You can generate BibTeX-style bibliography entries from e.g Google Scholar (Cite -> BibTeX)

@misc{watson_2020,
    title={Grid Detection With OpenCV on Raspberry Pi: Raspberry Pi},
    url={https://maker.pro/raspberry-pi/tutorial/grid-detection-with-opencv-on-raspberry-pi},
    journal={Maker Pro},
    publisher={Maker Pro},
    author={Watson, Reginald},
    year={2020},
    month={Apr}
}
